% 書籍文獻
@book{gonen2015electric,
	title        = {{E}lectric {P}ower {D}istribution {E}ngineering},
	author       = {Turan Gönen},
	year         = 2014,
	publisher    = {CRC Press},
	address      = {Boca Raton, FL}
}
@inproceedings{2011patrinos,
	title        = {Stochastic {MPC} for real-time market-based optimal power dispatch},
	author       = {Patrinos, Panagiotis and Trimboli, Sergio and Bemporad, Alberto},
	year         = 2011,
	booktitle    = {2011 50th IEEE Conference on Decision and Control and European Control Conference},
	pages        = {7111--7116},
	organization = {IEEE}
}
% 期刊文獻
@article{nissen2009high,
	title        = {High Performance Development as Distributed Generation},
	author       = {Nissen, Matthew B},
	year         = 2009,
	journal      = {IEEE Potentials},
	publisher    = {IEEE},
	volume       = 28,
	number       = 6,
	pages        = {25--31}
}
@article{2015renaudineau,
  title={A {PSO}-Based Global {MPPT} Technique for Distributed {PV} Power Generation}, 
  author={Renaudineau, Hugues and Donatantonio, Fabrizio and Fontchastagner, Julien and Petrone, Giovanni and Spagnuolo, Giovanni and Martin, Jean-Philippe and Pierfederici, Serge},
  year={2015},
  journal={IEEE Transactions on Industrial Electronics}, 
  volume={62},
  number={2},
  pages={1047-1058}
}
@inproceedings{guan2009research,
	title        = {Research on distributed generation technologies and its impacts on power system},
	author       = {F.-H. Guan and D.-M. Zhao and X. Zhang and B.-T. Shan and Z. Liu},
	year         = 2009,
	booktitle    = {2009 International Conference on Sustainable Power Generation and Supply},
	pages        = {1--6},
	doi          = {10.1109/SUPERGEN.2009.5348241},
	organization = {IEEE}
}
@inproceedings{carter2000emissions,
	title        = {Emissions from distributed generation},
	author       = {Sheryl Carter},
	year         = 2000,
	booktitle    = {California, California Energy Commission Sitting Committee Workshop, 2000 [2014-6-28]. http://www.distributed-gene-ration.com/Ibrary/Emissions.PDF}
}
@article{jacobson2009review,
	title        = {Review of solutions to global warming, air pollution, and energy security},
	author       = {Mark Z Jacobson},
	year         = 2009,
	journal      = {Energy \& Environmental Science},
	publisher    = {Royal Society of Chemistry},
	volume       = 2,
	number       = 2,
	pages        = {148--173}
}
% 碩士論文
@mastersthesis{ting2015windpredict,
	title        = {Wind speed forecasting by time series},
	author       = {Y.-H. Ting},
	year         = 2015,
	month        = {July},
	journal      = {暨南大學資訊管理學系學位論文},
	school       = {National Chi Nan University, Department of Information Management}
}
@mastersthesis{chuang2001wind,
	title        = {台灣地區風速機率分佈之研究},
	author       = {莊月璇},
	year         = 2001,
	journal      = {未出版之碩士論文. 國立中央大學土木工程研究所, 桃園市},
	school       = {National Central University, Department of Civil Engineering}
}
@mastersthesis{U0027-2501201611000959,
	title        = {Operation Planning of Virtual Power Plant with Demand Response},
	author       = {S.-K. Lin},
	year         = 2015,
	month        = jan,
	school       = {National Sun Yat-sen University, Department of Electrical Engineering}
}
@mastersthesis{U0001-2906201000281800,
	title        = {An Integrated Environmental Assessment of Virtual Power Plant},
	author       = {K.-W Lu},
	year         = 2010,
	month        = jan,
	journal      = {臺灣大學環境工程學研究所學位論文},
	school       = {National Taiwan University, Graduate Institute of Environmental Engineering}
}
@mastersthesis{U0027-0212201417510382,
	title        = {Study on Operation Strategy of Virtual Power Plants in Electricity Markets},
	author       = {C.-Y. Wei},
	year         = 2014,
	month        = jan,
	school       = {National Sun Yat-sen University, Graduate Institute of Communications Engineering}
}
@mastersthesis{chung2016vpp,
	title        = {The Economic Benefits Analysis and Policy Recommendation of Virtual Power Plants},
	author       = {H.-C. Jhong},
	year         = 2016,
	month        = jul,
	journal      = {中興大學應用經濟學研究所學位論文},
	note         = {in {C}hinese.},
	school       = {National Chung Hsing University, Department of Applied Economics}
}
@mastersthesis{zhang2014application,
	title        = {Application of Model Predictive Control for Electrical Vehicle Charging Station Operation Planning},
	author       = {H.-C. Chang},
	year         = 2014,
	month        = jul,
	journal      = {中山大學電機工程學系學位論文},
	note         = {in {C}hinese.},
	school       = {National Sun Yat-sen University, Department of Electrical Engineering}
}
% 一般文章
@book{hertwich2016green,
	title        = {{G}reen {E}nergy {C}hoices: {T}he {B}enefits, {R}isks, and {T}rade-offs of {L}ow-carbon {T}echnologies for {E}lectricity {P}roduction},
	author       = {Hertwich, E and de Larderel, J Aloisi and Arvesen, A and Bayer, P and Bergesen, J and Bouman, E and Gibon, T and Heath, G and Pe{\~n}a, C and Purohit, P and others},
	year         = 2016,
	publisher    = {Report of the International Resource Panel, United Nations Environment}
}
@article{wu2019assessing,
	title        = {Assessing electric vehicle policy with region-specific carbon footprints},
	author       = {Z.-Y Wu and C. Wang and Paul Wolfram and Y.-X Zhang and X. Sun and Edgar Hertwichb},
	year         = 2019,
	journal      = {Applied Energy},
	publisher    = {Elsevier},
	volume       = 256,
	pages        = 113923
}
% 線上資源
@book{enerdata2020gesy,
	title        = {{G}lobal {E}nergy {S}tatistical {Y}earbook},
	author       = {Enerdata},
	year         = 2020,
	url          = {https://yearbook.enerdata.net/},
	note         = {({A}ccessed on: 2021/06/25)}
}
@book{ohlenforst2019global,
	title        = {{G}lobal {W}ind {R}eport 2019},
	author       = {GWEC},
	year         = 2019,
	url          = {https://gwec.net/global-wind-report-2019/},
	note         = {({A}ccessed on: 2021/06/25)}
}
@book{boe2021data,
	title        = {能源統計資料},
	author       = {中華民國行政院經濟部能源局},
	year         = 2021,
	url          = {https://www.moeaboe.gov.tw/},
	note         = {({A}ccessed on: 2021/06/25)}
}
@book{boe2021report,
	title        = {全國電力資源供需報告},
	author       = {中華民國行政院經濟部能源局},
	year         = 2021,
	url          = {https://www.moeaboe.gov.tw/},
	note         = {({A}ccessed on: 2021/06/25)}
}
@book{iea2021ev,
	title        = {{G}lobal {EV} {O}utlook},
	author       = {IEA},
	year         = 2021,
	url          = {https://www.iea.org/reports/global-ev-outlook-2021},
	note         = {({A}ccessed on: 2021/06/25)}
}
@book{iea2021net,
	title        = {{N}et {Z}ero by 2050},
	author       = {IEA},
	year         = 2021,
	url          = {https://www.iea.org/reports/net-zero-by-2050},
	note         = {({A}ccessed on: 2021/06/25)}
}
@article{owid2020electricity,
	title        = {Energy mix},
	author       = {Hannah Ritchie and Max Roser},
	year         = 2020,
	journal      = {Our World in Data},
	url          = {https://ourworldindata.org/energy-mix/},
	note         = {({A}ccessed on: 2021/06/25)}
}
@article{owid2020renewable,
	title        = {Renewable energy},
	author       = {Hannah Ritchie and Max Roser},
	year         = 2020,
	journal      = {Our World in Data},
	url          = {https://ourworldindata.org/renewable-energy},
	note         = {({A}ccessed on: 2021/06/25)}
}
@misc{taipower2019supply,
	title        = {電網供電資訊：台電供電系統簡介},
	author       = {臺灣電力股份有限公司},
	url          = {https://www.taipower.com.tw/tc/page.aspx?mid=211},
	note         = {({A}ccessed on: 2021/05/01)}
}
%%
@misc{taipower2018price,
	title        = {臺灣電力股份有限公司電價表},
	author       = {臺灣電力股份有限公司},
	url          = {{https://www.taipower.com.tw/upload/238/2018070210412196443.pdf}},
	note         = {({A}ccessed on: 2019/12/11)}
}
@misc{iea-wegs,
	title        = {Data and Statistics: Electricity Generation by Source},
	author       = {{International Energy Agency}},
	url          = {https://www.iea.org/data-and-statistics/},
	note         = {({A}ccessed on: May 1, 2020)}
}
@misc{wei-data,
	title        = {Global Wind Power Statistics},
	author       = {{World Wind Energy Association}},
	url          = {https://library.wwindea.org/},
	note         = {({A}ccessed on: May 1, 2020)}
}
@misc{statista-pv,
	title        = {Cumulative installed solar {PV} capacity worldwide from 2000 to 2018},
	author       = {Statista},
	url          = {https://www.statista.com/statistics/280220/global-cumulative-installed-solar-pv-capacity/},
	note         = {({A}ccessed on: May 1, 2020)}
}
@article{He2019,
	title        = {Solar and wind energy enhances drought resilience and groundwater sustainability},
	author       = {X.-G He and K.-R Feng and X.-Y Li and Amy B. Craft and Yoshihide Wada and Peter Burek and Eric F. Wood and Justin Sheffield},
	year         = 2019,
	month        = nov,
	journal      = {Nature Communications},
	publisher    = {Springer Science and Business Media {LLC}},
	volume       = 10,
	number       = 1,
	doi          = {10.1038/s41467-019-12810-5},
	url          = {https://doi.org/10.1038/s41467-019-12810-5/}
}
@book{iea2019report,
	title        = {{R}enewables 2019: {A}nalysis and {F}orecasts to 2024},
	author       = {{IEA}},
	year         = 2019,
	month        = oct,
	doi          = {10.1787/b3911209-en},
	url          = {https://doi.org/10.1787/b3911209-en}
}
@book{setiawan2007concept,
	title        = {{C}oncept and {C}ontrollability of {V}irtual {P}ower {P}lant},
	author       = {Setiawan, Eko Adhi},
	year         = 2007,
	publisher    = {Kassel University press GmbH}
}
@article{Asmus2010,
	title        = {Microgrids,  Virtual Power Plants and Our Distributed Energy Future},
	author       = {Peter Asmus},
	year         = 2010,
	month        = dec,
	journal      = {The Electricity Journal},
	publisher    = {Elsevier {BV}},
	volume       = 23,
	number       = 10,
	pages        = {72--82},
	doi          = {10.1016/j.tej.2010.11.001},
	url          = {https://doi.org/10.1016/j.tej.2010.11.001}
}
@inproceedings{Morais2008,
	title        = {{VPP} operating in the isolated grid},
	author       = {Hugo Morais and Peter Kadar and Marilio Cardoso and Zita A. Vale and Hussein Khodr},
	year         = 2008,
	month        = jul,
	booktitle    = {2008 {IEEE} Power and Energy Society General Meeting - Conversion and Delivery of Electrical Energy in the 21st Century},
	publisher    = {{IEEE}},
	doi          = {10.1109/pes.2008.4596716},
	url          = {https://doi.org/10.1109/pes.2008.4596716}
}
@article{Pudjianto2007,
	title        = {Virtual power plant and system integration of distributed energy resources},
	author       = {D. Pudjianto and C. Ramsay and G. Strbac},
	year         = 2007,
	journal      = {{IET} Renewable Power Generation},
	publisher    = {Institution of Engineering and Technology ({IET})},
	volume       = 1,
	number       = 1,
	pages        = 10,
	doi          = {10.1049/iet-rpg:20060023},
	url          = {https://doi.org/10.1049/iet-rpg:20060023}
}
@article{Pudjianto2017,
	title        = {Virtual power plant: managing synergies and conflicts between transmission system operator and distribution system operator control objectives},
	author       = {Danny Pudjianto and Goran Strbac and David Boyer},
	year         = 2017,
	month        = oct,
	journal      = {{CIRED} - Open Access Proceedings Journal},
	publisher    = {Institution of Engineering and Technology ({IET})},
	volume       = 2017,
	number       = 1,
	pages        = {2049--2052},
	doi          = {10.1049/oap-cired.2017.0829},
	url          = {https://doi.org/10.1049/oap-cired.2017.0829}
}
@article{braun2008review,
	title        = {A review on aggregation approaches of controllable distributed energy units in electrical power systems},
	author       = {Braun, Martin and Strauss, Philipp},
	year         = 2008,
	journal      = {International Journal of Distributed Energy Resources},
	volume       = 4,
	number       = 4,
	pages        = {297--319}
}
@article{zurborg2010unlocking,
	title        = {Unlocking customer value: the virtual power plant},
	author       = {Zurborg, Aaron},
	year         = 2010,
	journal      = {World Power},
	pages        = {1--5}
}
@article{kusiak2009short,
	title        = {Short-Term Prediction of Wind Farm Power: A Data Mining Approach},
	author       = {A. Kusiak and H.-Y. Zheng and Z. Song},
	year         = 2009,
	month        = mar,
	journal      = {IEEE Transactions on Energy Conversion},
	volume       = 24,
	number       = 1,
	pages        = {125--136},
	doi          = {10.1109/TEC.2008.2006552},
	issn         = {1558-0059}
}
@inproceedings{Wang2012,
	title        = {Short-Term Prediction of Wind Farm Power Based on {PSO}-{SVM}},
	author       = {H. Wang and Z.-J. Hu and M.-Y. Hu and Z.-Y. Zhang},
	year         = 2012,
	month        = mar,
	booktitle    = {2012 Asia-Pacific Power and Energy Engineering Conference},
	publisher    = {{IEEE}},
	doi          = {10.1109/appeec.2012.6307114},
	url          = {https://doi.org/10.1109/appeec.2012.6307114}
}
@book{box2015time,
	title        = {{T}ime {S}eries {A}nalysis: {F}orecasting and {C}ontrol},
	author       = {Box, George EP and Jenkins, Gwilym M and Reinsel, Gregory C and Ljung, Greta M},
	year         = 2015,
	publisher    = {John Wiley \& Sons}
}
@article{bloomberg2019electric,
	title        = {{Electric Vehicle Outlook 2019}},
	author       = {Bloomberg, NEF},
	year         = 2019,
	journal      = {Bloomberg New Energy Finance}
}
@article{justus1976nationwide,
	title        = {Nationwide assessment of potential output from wind-powered generators},
	author       = {Justus, CG and Hargraves, WR and Yalcin, Ali},
	year         = 1976,
	journal      = {Journal of Applied Meteorology},
	volume       = 15,
	number       = 7,
	pages        = {673--678}
}
@article{nigim2007heuristic,
	title        = {Heuristic and probabilistic wind power availability estimation procedures: Improved tools for technology and site selection},
	author       = {Nigim, KA and Parker, Paul},
	year         = 2007,
	journal      = {Renewable Energy},
	publisher    = {Elsevier},
	volume       = 32,
	number       = 4,
	pages        = {638--648}
}
@article{panda1990stochastic,
	title        = {Stochastic study of the wind-energy potential of {India}},
	author       = {Panda, RK and Sarkar, TK and Bhattacharya, AK},
	year         = 1990,
	journal      = {Energy},
	publisher    = {Elsevier},
	volume       = 15,
	number       = 10,
	pages        = {921--930}
}
@article{kumar2019wind,
	title        = {Wind Energy Potential Assessment by {Weibull} Parameter Estimation Using Multiverse Optimization Method: A Case Study of Tirumala Region in {India}},
	author       = {Kumar, Mekalathur B Hemanth and Balasubramaniyan, Saravanan and Padmanaban, Sanjeevikumar and Holm-Nielsen, Jens Bo},
	year         = 2019,
	journal      = {Energies},
	publisher    = {Multidisciplinary Digital Publishing Institute},
	volume       = 12,
	number       = 11,
	pages        = 2158
}
@inproceedings{teyabeen2015statistical,
	title        = {Statistical analysis of wind speed data},
	author       = {Teyabeen, Alhassan Ali},
	year         = 2015,
	booktitle    = {IREC2015 The Sixth International Renewable Energy Congress},
	pages        = {1--6},
	organization = {IEEE}
}
@article{cleveland1990stl,
	title        = {{STL}: A seasonal-trend decomposition},
	author       = {Cleveland, Robert B and Cleveland, William S and McRae, Jean E and Terpenning, Irma},
	year         = 1990,
	journal      = {Journal of official statistics},
	volume       = 6,
	number       = 1,
	pages        = {3--73}
}
@article{foster1996wavelets,
	title        = {Wavelets for period analysis of unevenly sampled time series},
	author       = {Foster, Grant},
	year         = 1996,
	journal      = {The Astronomical Journal},
	volume       = 112,
	pages        = 1709
}
@article{liu2012comparison,
	title        = {Comparison of two new {ARIMA-ANN} and {ARIMA-Kalman} hybrid methods for wind speed prediction},
	author       = {H. Liu and H.-Q. Tian and Y.-F. Li},
	year         = 2012,
	journal      = {Applied Energy},
	publisher    = {Elsevier},
	volume       = 98,
	pages        = {415--424}
}
@article{hu2013hybrid,
	title        = {A hybrid forecasting approach applied to wind speed time series},
	author       = {Hu, Jianming and Wang, Jianzhou and Zeng, Guowei},
	year         = 2013,
	journal      = {Renewable Energy},
	publisher    = {Elsevier},
	volume       = 60,
	pages        = {185--194}
}
@article{liu2013forecasting,
	title        = {Forecasting models for wind speed using wavelet, wavelet packet, time series and Artificial Neural Networks},
	author       = {H. Liu and Q.-H. Tian and D.-F. Pan and Y.-F. Li},
	year         = 2013,
	journal      = {Applied Energy},
	publisher    = {Elsevier},
	volume       = 107,
	pages        = {191--208}
}
@article{mallat1989theory,
	title        = {A theory for multiresolution signal decomposition: the wavelet representation},
	author       = {Mallat, Stephane G},
	year         = 1989,
	journal      = {IEEE transactions on pattern analysis and machine intelligence},
	publisher    = {Ieee},
	volume       = 11,
	number       = 7,
	pages        = {674--693}
}
@inproceedings{boser1992training,
	title        = {A training algorithm for optimal margin classifiers},
	author       = {Boser, Bernhard E and Guyon, Isabelle M and Vapnik, Vladimir N},
	year         = 1992,
	booktitle    = {Proceedings of the fifth annual workshop on Computational learning theory},
	pages        = {144--152}
}
@book{cristianini2000introduction,
	title        = {{A}n {I}ntroduction to {S}upport {V}ector {M}achines and {O}ther {K}ernel-based {L}earning {M}ethods},
	author       = {Cristianini, Nello and Shawe-Taylor, John and others},
	year         = 2000,
	publisher    = {Cambridge University Press}
}
@article{lanckriet2004learning,
	title        = {Learning the kernel matrix with semidefinite programming},
	author       = {Lanckriet, Gert RG and Cristianini, Nello and Bartlett, Peter and Ghaoui, Laurent El and Jordan, Michael I},
	year         = 2004,
	journal      = {Journal of Machine learning research},
	volume       = 5,
	number       = {Jan},
	pages        = {27--72}
}
@inproceedings{drucker1997support,
	title        = {Support vector regression machines},
	author       = {Drucker, Harris and Burges, Christopher JC and Kaufman, Linda and Smola, Alex J and Vapnik, Vladimir},
	year         = 1997,
	booktitle    = {Advances in neural information processing systems},
	pages        = {155--161}
}
@book{shahidehpour2003market,
	title        = {{M}arket {O}perations in {E}lectric {P}ower {S}ystems: {F}orecasting, {S}cheduling, and {R}isk {M}anagement},
	author       = {M. Shahidehpour and H.Y. Yamin and Z.-Y. Li},
	year         = 2003,
	publisher    = {John Wiley \& Sons}
}
@article{li2005strategic,
	title        = {Strategic bidding of transmission-constrained {GENCO}s with incomplete information},
	author       = {T. Li and M. Shahidehpour},
	year         = 2005,
	journal      = {IEEE Transactions on power Systems},
	publisher    = {IEEE},
	volume       = 20,
	number       = 1,
	pages        = {437--447}
}
@article{qian2010high,
	title        = {A high-efficiency grid-tie battery energy storage system},
	author       = {H. Qian and J.-H. Zhang and J.-S. Lai and W.-S. Yu},
	year         = 2010,
	journal      = {IEEE transactions on power electronics},
	publisher    = {IEEE},
	volume       = 26,
	number       = 3,
	pages        = {886--896}
}
@article{dogger2010characterization,
	title        = {Characterization of Li-ion batteries for intelligent management of distributed grid-connected storage},
	author       = {Dogger, Jarno D and Roossien, Bart and Nieuwenhout, Frans DJ},
	year         = 2010,
	journal      = {IEEE Transactions on Energy Conversion},
	publisher    = {IEEE},
	volume       = 26,
	number       = 1,
	pages        = {256--263}
}
@article{richalet1978model,
	title        = {Model predictive heuristic control},
	author       = {Richalet, Jacques and Rault, Andr{\'e} and Testud, JL and Papon, J},
	year         = 1978,
	journal      = {Automatica (Journal of IFAC)},
	publisher    = {Pergamon Press, Inc. Elmsford, NY, USA},
	volume       = 14,
	number       = 5,
	pages        = {413--428}
}
@article{hsu2009evbattery,
	title        = {電動車電池類型與電池基礎介紹},
	author       = {許家興},
	year         = 2009,
	journal      = {電動車與車輛電子研究報告, 財團法人車輛研究測試中心}
}
@article{wang2015powermarket,
	title        = {The Study of the Optimal Operation of Electricity Market under the Electricity Liberalization Policy in {T}aiwan},
	author       = {K.-M. Wang and T.-W. Kuo and S.-P. Hung and J.-Y. Hsu and C.-H. Sun},
	year         = 2015,
	journal      = {Monthly journal of Taipower's engineering},
	volume       = 805,
	pages        = {61--81}
}
